%%%%%%%%%%%%%%%%%%%%%%%%%%%%%%%%%%%%%%%%%%%%%%%%%%%%%%%%%%%%%%%%%%%%%%\

% pokud nechcem aby nam to zmensovalo pismenka v nazvech titulu, 
% tak to obklopit chlupatejma zavorkama

@misc{zygmuntz_goodbooks10k,
    author = {Zygmunt ZajÄ…c},
    title = {goodbooks-10k: A dataset for book recommendations},
    year = {2017},
    url = {https://github.com/zygmuntz/goodbooks-10k},
    note = {GitHub repository, accessed December 31, 2024},
}




@misc{malcolmosh_goodbooks10k_extended,
    author = {Olivier Simard-Hanley},
    title = {goodbooks-10k-extended: An extended dataset for book
             recommendations},
    year = {2017},
    url = {https://github.com/malcolmosh/goodbooks-10k-extended},
    note = {GitHub repository, accessed December 31, 2024},
}

@article{tuerhong2014gower,
    title = {Gower distance-based multivariate control charts for a mixture of
             continuous and categorical variables},
    author = {Tuerhong, Gulanbaier and Kim, Seoung Bum},
    journal = {Expert systems with applications},
    volume = {41},
    number = {4},
    pages = {1701--1707},
    year = {2014},
    publisher = {Elsevier},
}

@article{park2009simple,
    title = {A simple and fast algorithm for K-medoids clustering},
    author = {Park, Hae-Sang and Jun, Chi-Hyuck},
    journal = {Expert systems with applications},
    volume = {36},
    number = {2},
    pages = {3336--3341},
    year = {2009},
    publisher = {Elsevier},
}


@article{reimers2019sentence,
    title = {Sentence-BERT: Sentence Embeddings using Siamese BERT-Networks},
    author = {Reimers, N},
    journal = {arXiv preprint arXiv:1908.10084},
    year = {2019},
}


@article{bag2019efficient,
    title = {An efficient recommendation generation using relevant Jaccard
             similarity},
    author = {Bag, Sujoy and Kumar, Sri Krishna and Tiwari, Manoj Kumar},
    journal = {Information Sciences},
    volume = {483},
    pages = {53--64},
    year = {2019},
    publisher = {Elsevier},
}
